<record><leader>00000cas a2200000 a 4500</leader><controlfield tag="001">33283559</controlfield><controlfield tag="008">951012d19451967fluwr ne      0    0eng c</controlfield><datafield ind1=" " ind2=" " tag="010"><subfield code="a">sn 95047174 </subfield></datafield><datafield ind1=" " ind2=" " tag="040"><subfield code="a">FUG</subfield><subfield code="b">eng</subfield><subfield code="c">FUG</subfield><subfield code="d">OCLCQ</subfield><subfield code="d">OCLCF</subfield><subfield code="d">OCLCO</subfield></datafield><datafield ind1=" " ind2=" " tag="012"><subfield code="i">9510</subfield></datafield><datafield ind1="1" ind2=" " tag="029"><subfield code="a">AU@</subfield><subfield code="b">000025885485</subfield></datafield><datafield ind1=" " ind2=" " tag="042"><subfield code="a">pcc</subfield></datafield><datafield ind1=" " ind2=" " tag="043"><subfield code="a">n-us-fl</subfield></datafield><datafield ind1="0" ind2="4" tag="245"><subfield code="a">The Lake City reporter and Columbia gazette.</subfield></datafield><datafield ind1="1" ind2="7" tag="246"><subfield code="a">Lake City reporter &amp; Columbia gazette</subfield></datafield><datafield ind1=" " ind2=" " tag="260"><subfield code="a">Lake City, Fla. :</subfield><subfield code="b">John H. Perry,</subfield><subfield code="c">1945-1967.</subfield></datafield><datafield ind1=" " ind2=" " tag="300"><subfield code="a">v.</subfield></datafield><datafield ind1=" " ind2=" " tag="310"><subfield code="a">Weekly,</subfield><subfield code="b">-1967</subfield></datafield><datafield ind1=" " ind2=" " tag="321"><subfield code="a">Weekly,</subfield><subfield code="b">1945-&lt;1947&gt;</subfield></datafield><datafield ind1=" " ind2=" " tag="321"><subfield code="a">Semiweekly,</subfield><subfield code="b">&lt;1953&gt;</subfield></datafield><datafield ind1="0" ind2=" " tag="362"><subfield code="a">Vol. 73, no. 25 (Sept. 14, 1945)-v. 95, no. 3 (Sept. 28, 1967).</subfield></datafield><datafield ind1=" " ind2="0" tag="651"><subfield code="a">Lake City (Fla.)</subfield><subfield code="v">Newspapers.</subfield></datafield><datafield ind1=" " ind2="0" tag="651"><subfield code="a">Columbia County (Fla.)</subfield><subfield code="v">Newspapers.</subfield></datafield><datafield ind1=" " ind2="7" tag="655"><subfield code="a">Newspapers.</subfield><subfield code="2">fast</subfield><subfield code="0">(OCoLC)fst01423814</subfield></datafield><datafield ind1=" " ind2="7" tag="651"><subfield code="a">Florida</subfield><subfield code="z">Columbia County.</subfield><subfield code="2">fast</subfield><subfield code="0">(OCoLC)fst01215216</subfield></datafield><datafield ind1=" " ind2="7" tag="651"><subfield code="a">Florida</subfield><subfield code="z">Lake City.</subfield><subfield code="2">fast</subfield><subfield code="0">(OCoLC)fst01212280</subfield></datafield><datafield ind1=" " ind2=" " tag="752"><subfield code="a">United States</subfield><subfield code="b">Florida</subfield><subfield code="c">Columbia</subfield><subfield code="d">Lake City.</subfield></datafield><datafield ind1="0" ind2="4" tag="780"><subfield code="t">Lake City reporter (Lake City, Fla. : 1919)</subfield><subfield code="w">(DLC)sn 95047173</subfield><subfield code="w">(OCoLC)33283558</subfield></datafield><datafield ind1="0" ind2="4" tag="780"><subfield code="t">Columbia gazette (Lake City, Fla.)</subfield></datafield><datafield ind1="0" ind2="0" tag="785"><subfield code="t">Lake City reporter (Lake City, Fla. : 1967)</subfield><subfield code="w">(DLC)sn 95047175</subfield><subfield code="w">(OCoLC)33283560</subfield></datafield><datafield ind1=" " ind2=" " tag="850"><subfield code="a">FU</subfield></datafield></record>